

@article{susi2007serious,
  title={Serious games: An overview},
  author={Susi, Tarja and Johannesson, Mikael and Backlund, Per},
  year={2007},
  publisher={Institutionen f{\"o}r kommunikation och information}
}

@article{rheinberg2001fam,
  title={FAM: Ein Fragebogen zur Erfassung aktueller Motivation in Lern-und Leistungssituationen 12 (Langversion, 2001)},
  author={Rheinberg, Falko and Vollmeyer, Regina and Burns, Bruce D},
  journal={Diagnostica},
  volume={2},
  pages={},
  year={2001}
}

@book{rheinberg2003erfassung,
  title={Die Erfassung des Flow-Erlebens},
  author={Rheinberg, Falko and Vollmeyer, Regina and Engeser, Stefan},
  year={2003},
  publisher={na}
}

@article{peifer2015cortisol,
  title={Cortisol effects on flow-experience},
  author={Peifer, Corinna and Sch{\"a}chinger, Hartmut and Engeser, Stefan and Antoni, Conny H},
  journal={Psychopharmacology},
  volume={232},
  number={6},
  pages={},
  year={2015},
  publisher={Springer}
}


@inproceedings{deterding2011game,
  title={From Game Design Elements to Gamefulness: defining Gamification},
  author={Deterding, Sebastian and Dixon, Dan and Khaled, Rilla and Nacke, Lennart},
  booktitle={Proceedings of the 15th international academic MindTrek conference: Envisioning future media environments},
  pages={},
  year={2011},
  organization={ACM}
}

@inproceedings{deterding2011gamification,
  title={Gamification. using game-design elements in non-gaming contexts},
  author={Deterding, Sebastian and Sicart, Miguel and Nacke, Lennart and O'Hara, Kenton and Dixon, Dan},
  booktitle={CHI'11 Extended Abstracts on Human Factors in Computing Systems},
  year={2011},
  organization={ACM}
}

@inproceedings{mitgutsch2012purposeful,
  title={Purposeful by design?: a serious game design assessment framework},
  author={Mitgutsch, Konstantin and Alvarado, Narda},
  booktitle={Proceedings of the International Conference on the foundations of digital games},
  pages={121--128},
  year={2012},
  organization={ACM}
}

@article{koch1999grundprinzipien,
  title={Grundprinzipien der Bayes-Statistik},
  author={Koch, Karl-Rudolf},
  journal={ifp},
  pages={253},
  year={1999}
}

@article{kruschke2013bayesian,
  title={Bayesian estimation supersedes the t test.},
  author={Kruschke, John K},
  journal={Journal of Experimental Psychology: General},
  volume={142},
  number={2},
  pages={},
  year={2013},
  publisher={American Psychological Association}
}

@book{fullerton2014game,
  title={Game Design Workshop: A Playcentric Approach to Creating Innovative Games},
  author={Fullerton, Tracy},
  year={2014},
  publisher={CRC press}
}

@article{kruger2016fast,
  title={Fast and Conspicuous? Quantifying Salience With the Theory of Visual Attention},
  author={Kr{\"u}ger, Alexander and T{\"u}nnermann, Jan and Scharlau, Ingrid},
  journal={Advances in Cognitive Psychology},
  volume={12},
  number={1},
  pages={},
  year={2016},
  publisher={University of Finance and Management in Warsaw}
}

@ARTICLE{Wolfe2008,
AUTHOR={Wolfe, J.  and Horowitz, T. S.},
TITLE={Visual Search},
YEAR=2008,
JOURNAL={Scholarpedia},
VOLUME  = {3},
NUMBER  = {7},
PAGES   = {},
NOTE   = {}
}

@ARTICLE{Itti2007,
AUTHOR = {Itti, L. },
TITLE   = {Visual Salience},
YEAR	= {2007},
JOURNAL={Scholarpedia},
VOLUME  = {2},
NUMBER  = {9},
PAGES   = {},
NOTE   = {}
}


